@BOOK {muller2007,
    author    = {Meinard Muller},
    title     = {Information Retrieval for Music and Motion},
    publisher = {Springer Berlin Heidelberg New York},
    year      = {2007},
    series    = {ISBN 978-3-540-74047-6},
    address   = {Bonn, Germany}
}

@BOOK {paulozuben2004,
    author    = {Paulo Zuben},
    title     = {Música e tecnologia: o som e seus novos instrumentos},
    publisher = {Irmãos Vitale},
    year      = {2004},
    volume    = {1},
    edition   = {second}
}

@ARTICLE {pachecolopes2014,
    author  = {João Pacheco and Raúl Lopes},
    title   = {Descrição e procura de música},
    journal = {Comunicação Áudio e Vídeo, Instituto Superior Técnico},
    year    = {2014}
}

@ARTICLE {rafael2013,
    author  = "Rafael Aparecido Moron Semidão",
    title   = "Dados, Informação e Conhecimento: elementos de análise conceitual",
    journal = "DataGramaZero",
    year    = "2013",
    volume  = "14",
    number  = "4",
    month   = "aug"
}

@MANUAL{michels1992,
    address = {Madrid: Alianza},
    author = {Ulrich Michels},
    edition = {2},
    title = {Atlas de música},
    year = {1992}
}

@MISC {daquino2012,
    author = {Fernando Daquino},
    title  = {A evolução do armazenamento de músicas [infográfico]},
    month  = {Outubro},
    year   = {2012},
    url    = {https://www.tecmundo.com.br/infografico/30658-a-evolucao-do-armazenamento-de-musicas-infografico-.htm}
}

@MASTERSTHESIS{gomes2015,
    address = {Brasilia},
    author  = {Ana Carolina Frazao Gomes},
    pages   = {101},
    school  = {Universidade de Brasilia},
    title   = {Representação da informação musical: uma análise a luz dos Requisitos Funcionais para Dados de Autoridade (FRAD)},
    type    = {Graduação},
    year    = {2015}
}

@CONFERENCE{mclane1996,
    author       = {Alexander McLane},
    booktitle    = {Annual Review of Information Science and Technology (ARIST)},
    organization = {American Society for Information Science},
    pages        = {225 -- 262},
    title        = {Music as Information},
    volume       = {31},
    year         = {1996}
}

@inproceedings{santinisouza2007,
    address      = {Salvador, Bahia},
    author       = {Rose Marie Santini and Rosali Fernandez de Souza},
    booktitle    = {VIII ENANCIB -- Encontro Nacional de Pesquisa em Ciência da Informação},
    month        = {Outubro},
    organization = {Organização e Representação do Conhecimento Poster},
    pages        = {1 -- 14},
    title        = {Recuperação da Informação de Música e a Ciência da Informação: Tendências e desafios de pesquisa},
    url          = {http://www.enancib.ppgci.ufba.br/artigos/GT2--143.pdf},
    year         = {2007}
}

@CONFERENCE{downie2003,
    author = {J. Stephen Downie},
    booktitle = {Annual Review of Information Science and Technology},
    editortype = {Ed.},
    number = {37},
    pages = {295 -- 340},
    organization = {Blaise Cronin},
    publisher = {Medford, NJ: Information Today},
    title = {Music Information Retrieval (Chapter 7)},
    url = {http://music-ir.org/downie\_mir\_arist37.pdf},
    year = {2003}
}

@PHDTHESIS {kaster2012,
    author = {Daniel dos Santos Kaster},
    title  = {Tratamento de condições especiais para busca por similaridade em bancos de dados complexos},
    school = {Instituto de Ciências Matemáticas e de Computação - ICMC-USP},
    year   = {2012},
    note   = {177 p.}
}

@PHDTHESIS{barioni2006,
    address = {São Carlos},
    author = {Maria Camila Nardini Barioni},
    pages = {170},
    school = {Instituto de Ciências Matemáticas e de Computação - ICMC-USP},
    title = {Operações de consulta por similaridade em grandes bases de dados complexos},
    type = {Ciências de Computacão e Matemática Computacional},
    year = {2006}
}

@MASTERSTHESIS {ferreira2015,
    author  = "Juliano Benedito Ferreira",
    title   = "Recuperação de Informação de Música e dados ID3: possíveis aplicações",
    school  = "Universidade Estadual Paulista, Faculdade de Filosofia e Ciências",
    year    = "2015",
    type    = "Dissertação (Mestrado em Ciência da Informação)",
    address = "Marília"
}

@ARTICLE {cano2005,
    author  = "Pedro Cano and Eloi Batlle and Ton Kalker and Jaap Haitsma",
    title   = "A Review of Audio Fingerprinting",
    journal = "Journal of VLSI Signal Processing",
    year    = "2005",
    volume  = "41",
    pages   = "271-284",
    doi     = "10.1007/s11265-005-4151-3"
}

@BOOK {pang2009,
    author    = "Pang-Ning Tan and Michael Steinbach and Vipin Kumar",
    title     = "Introdução ao Data Mining Mineração de Dados",
    publisher = "Editora Ciência Moderna",
    year      = "2009",
    address   = "Rio de Janeiro"
}

@ARTICLE {keogh2004,
    author  = "Eamonn Keogh and Chotirat Ann Ratanamahatana",
    title   = "Exact indexing of dynamic time warping",
    journal = "Knowledge and Information Systems 7.3",
    year    = "2004",
    volume  = "7",
    number  = "10.1007/s10115-004-0154-9"
}

@ARTICLE {mizutani2006,
    author  = "Eiji Mizutani",
    title   = "The Dynamic Time Warping Algorithms",
    journal = "Lecture Note for Mechanical Engineering Seminar, Tokyo Metropolitan University",
    year    = "2006"
}

@ARTICLE{kruskal1983,
    author = {JB Kruskal and Mark Liberman},
    year = {1983},
    month = {01},
    title = {The symmetric time-warping problem: From continuous to discrete},
    booktitle = {Time Warps, String Edits, and Macromolecules: The Theory and Practice of Sequence Comparison},
    journal = {7th International Workshop, GREC}
}

@ARTICLE {juang1991,
    author  = "B. H. Juang and L. R. Rabiner",
    title   = "Hidden Markov Models for Speech Recognition",
    journal = "Technometrics",
    year    = "1991",
    volume  = "33",
    number  = "3",
    pages   = "251-272",
    month   = "aug"
}

@BOOK {garciaMolina2002,
    author    = "H. Garcia-Molina and J. D. Ullman and J. Widom",
    title     = "Database systems: The complete book",
    publisher = "Editora Ciência Moderna",
    year      = "2002",
    address   = "Prentice Hall, Upper Saddle River, New Jersey"
}

@CONFERENCE{yanilos1993,
    address = {Austin, USA},
    author = {P. N. Yianilos},
    booktitle = {4th ACM-SIAM Symposium on Discrete Algorithms (SODA)},
    organization = {Anais eletrônicos},
    pages = {311–321},
    title = {Data structures and algorithms for nearest neighbor search in general metric spaces},
    year = {1993}
}

@CONFERENCE{bozkaya1997,
    address = {Tucson, USA},
    author = {T. Bozkaya and M. Özsoyoglu},
    booktitle = {23rd ACM International Conference on Management of Data (SIGMOD)},
    organization = {Anais eletrônicos},
    pages = {357–368},
    title = {Distance-based indexing for high-dimensional metric spaces},
    year = {1997}
}

@CONFERENCE{brin1995,
    address = {Zurich, Switzerland},
    author = {S. Brin},
    booktitle = {21st International Conference on Very Large Data Bases (VLDB)},
    organization = {Anais eletrônicos},
    pages = {574–584},
    title = {Near neighbor search in large metric spaces},
    year = {1995}
}

@CONFERENCE{ciaccia1997,
    address = {Athens, Greece},
    author = {P. Ciaccia and M. Patella and P. Zezula},
    booktitle = {23rd International Conference on Very Large Data Bases (VLDB)},
    organization = {Anais eletrônicos},
    pages = {426–435},
    title = {M-tree: An efficient access method for similarity search in metric spaces},
    year = {1997}
}

@CONFERENCE{filho2001,
    address = {Heidelberg, Germany},
    title={Similarity search without tears: The OMNI family of all-purpose access methods},
    author={R. F. S. Filho and A. J. M. Traina and C. Traina-Jr and C. Faloutsos},
    booktitle={17th IEEE International Conference on Data Engineering (ICDE)},
    year={2001},
    pages = {623–630}
}

@CONFERENCE{vieira2004,
    address = {Brasília, DF},
    author = {M. R. Vieira and C. T.-J. F. Chino and A. J. M. Traina},
    booktitle = {19 o Simpósio Brasileiro de Banco de Dados (SBBD)},
    organization = {Anais eletrônicos},
    pages = {163–177},
    title = {Dbm-tree: A metric access method sensitive to local density data},
    year = {2004}
}

@PHDTHESIS{downie1999,
    address = "London, Ontário, Canadá",
    author = "J. S. Downie",
    school = "University of Western Ontario",
    title = "Evaluating a simple approach to music information retrieval: Conceiving melodic n-grams as text",
    type = "Pós-Graduação",
    year = "1999"
}

@INPROCEEDINGS{typke2003,
    title={Using transportation distances for measuring melodic similarity},
    author={R Typke and P Giannopoulos and R C Veltkamp and F Wiering and R van Oostrum},
    booktitle={ISMIR Proceedings},
    year={2003},
    pages = {107–114}
}

@inproceedings{ghias1995,
    author = {Asif Ghias and Jonathan Logan and David Chamberlin and Brian C. Smith},
    title = {Query by Humming: Musical Information Retrieval in an Audio Database},
    booktitle = {Proceedings of the Third ACM International Conference on Multimedia},
    series = {MULTIMEDIA '95},
    year = {1995},
    isbn = {0-89791-751-0},
    location = {San Francisco, California, USA},
    pages = {231--236},
    numpages = {6},
    url = {http://doi.acm.org/10.1145/217279.215273},
    doi = {10.1145/217279.215273},
    acmid = {215273},
    publisher = {ACM},
    address = {New York, NY, USA}
}

@MASTERSTHESIS {santos2011,
    author  = "Edinaldo José de Carvalho Araújo Santos",
    title   = "Ferramentas de Busca Musical Baseada em Reconhecimento de Melodias: Estudo, Análise e Implementação",
    school  = "Universidade de Pernambuco",
    year    = "2011",
    type    = "Graduação",
    address = "Recife - PE",
    month   = "may"
}

@ARTICLE{tzanetakis2002,
    address = {Paris, France},
    author = {G. Tzanetakis and A. Ermolinskiy and P. R. Cook},
    journal = {3rd International Symposium on Music Information Retrieval (ISMIR)},
    pages = {31-38},
    title = {Pitch histograms in audio and symbolic music information retrieval},
    year = {2002}
}

@ARTICLE {serra1990,
	title = {Spectral Modeling Synthesis: A Sound Analysis/Synthesis Based on a Deterministic plus Stochastic Decomposition},
	journal = {Computer Music Journal},
	volume = {14},
	year = {1990},
	note = {SMS},
	pages = {12-24},
	doi = {http://doi.org/10.2307/3680788},
	url = {http://hdl.handle.net/10230/33796},
	author = {Xavier Serra and Julius Smith}
}

@MISC{musipedia,
    author = "Musipedia Development",
    title  = "Musipedia The Open Music Encyclopedia",
    year   = "2018?",
    url    = "https://www.musipedia.org/about.html"
}

@INPROCEEDINGS{vatolkin2010,
    address = {Utrecht, Netherlands},
    title={AMUSE (Advanced MUSic Explorer) – A multitool framework for music data analysis},
    author={I Vatolkin and W Theimer and M Botteck},
    booktitle={Proceedings of the 11th International Society for Music Information Retrieval Conference (ISMIR 2010)},
    year={2010},
    pages = {33–38}
}

@MISC{amuse,
    address = "Germany",
    author  = "TU Dortmund",
    title   = "AMUSE - Advanced Music Exploration",
    url     = "http://amuse-framework.sourceforge.net",
    year    = "2018?"
}

@PHDTHESIS{amatriain2004,
    address = "Barcelona",
    author = "Xavier Amatriain",
    school = "universitat Pompeu Fabra",
    title = "An Object-Oriented Metamodel for Digital Signal Processing with a focus on Audio and Music",
    type = "PhD thesis",
    year = "2004"
}

@ARTICLE{amatriain2007,
    title={CLAM: A framework for audio and music application development},
    author={X Amatriain},
    journal={IEEE Softw 24(1)},
    year={2007},
    pages = {82–85}
}

@MISC{jmir,
    address = "CIRMMT and Marianopolis College",
    author  = "Cory McKay",
    title   = "jMIR",
    url     = "http://jmir.sourceforge.net/",
    year    = "2018?"
}

@PHDTHESIS{mckay2010,
    address = "Québec",
    author = "Cory McKay",
    school = "CIRMMT and Marianopolis College",
    title = "Automatic music classification with jMIR",
    type = "PhD thesis",
    year = "2010"
}

@MISC{lartillot2013,
    author = "Olivier Lartillot",
    title  = "MIRtoolbox User's Guide 1.7.1",
    year   = "2013",
    url    = "https://www.jyu.fi/hytk/fi/laitokset/mutku/en/research/materials/mirtoolbox/manual1-7-1.pdf"
}

@INPROCEEDINGS{lartillot2007,
    address = {Vienna},
    title={MIR in Matlab (II): A toolbox for musical feature extraction from audio},
    author={O Lartillot and P Toiviainen},
    booktitle={Proc. 8th International Conference on Music Information Retrieval (ISMIR 2007)},
    year={2007},
    pages = {127–130}
}

@INPROCEEDINGS{morchen2005,
    address = {London, UK},
    title={Databionic Visualization of Music Collections According to Perceptual Distance},
    author={Fabian Morchen and Alfred Ultsch and Mario Nocker and Christian Stamm},
    booktitle={Proceedings of the 6th International Conference on Music Information Retrieval (ISMIR 2005)},
    year={2005},
    pages = {396-403}
}

@MISC{musicminer,
    address = "Germany",
    author = "University of Marburg",
    title  = "MusicMiner - Databionic MusicMiner",
    year   = "2005",
    url    = "http://musicminer.sourceforge.net/"
}

@INPROCEEDINGS{pardo2010,
    address = {Barcelona, Espanha},
    title={Crowdsourcing a Real-world On-line Query by Humming System},
    author={Arefin Huq and Mark Cartwright and Bryan Pardo},
    booktitle={Proceedings of the SMC 2010 - 7th Sound and Music Computing Conference},
    year={2010}
}

@ARTICLE {pardo2012,
    author  = "Mark Cartwright and Bryan Pardo",
    title   = "Building A Music Search Database Using Human Computation",
    journal = "Proceedings of the 9th Sound and Music Computing Conference (SMC 2012), Copenhagen, Denmark, July 12-14, 2012",
    year    = "2012",
    month   = "jul"
}

@ARTICLE {huq2010,
    author  = "Arefin Huq and Mark Cartwright and Bryan Pardo",
    title   = "Crowdsourcing A Real - World On - Line Query By Humming System",
    journal = "Proceedings of the 7th Sound and Music Computing Conference (SMC 2010), Barcelona, Spain, July 21-24, 2010",
    year    = "2010",
    month   = "jul"
}

@MISC{mirtoolbox,
    address = "Finlândia",
    author  = "University of Jyväskylä",
    title   = "MIRtoolbox",
    url     = "https://www.jyu.fi/hytk/fi/laitokset/mutku/en/research/materials/mirtoolbox",
    year    = "2018?"
}

@BOOK{wazlawick2012,
    address = {Florianópolis},
    author = {Raul Sidnei Wazlawick},
    publisher = {UFSC},
    title = {Engenharia de Software para Sistemas de Informação: Conceitos e práticas que fazem sentido},
    year = {2012}
}

@MISC{wangenheim2017,
    address = "Florianópolis",
    author  = "Dr. rer. nat. Christiane Gresse von Wangenheim",
    school  = "UFSC - INE5624 - Engenharia de Usabilidade",
    title   = "Critérios e Recomendações Ergonômicas - Aula 3",
    year    = "2017"
}

@ARTICLE{nielsen1995,
    author = {Jakob Nielsen},
    title = {10 Usability Heuristics for User Interface Design},
    url = {https://www.nngroup.com/articles/ten-usability-heuristics/},
    year = {1995}
}

@MISC{sandisk,
    author = "SanDisk",
    title  = "Definição de Bitrate",
    year   = "2018?",
    url    = "https://kb-pt.sandisk.com/app/answers/detail/a\_id/14843/~/definição-de-bitrate"
}

@MISC{sean2012,
    author = "Sean F",
    title  = "iTunes's new 1080p Compares Well to Blu-ray Quality, At a Fraction of File Size",
    year   = "2012",
    url    = "http://www.digital-digest.com/news-63300-iTuness-new-1080p-Compares-Well-to-Blu-ray-Quality-At-a-Fraction-of-File-Size.html"
}

@INPROCEEDINGS{karaokeCallout2006,
    address = {Santa Barbara, CA, USA},
    title={Karaoke Callout: using social and collaborative cell phone networking for new entertainment modalities and data collection},
    author={D. Shamma and B. Pardo},
    month = {Outubro},
    booktitle={In Proceedings of ACM Multimedia Workshop on Audio and Music Computing for Multimedia (AMCMM 2006)},
    year={2006},
    url = {http://music.eecs.northwestern.edu/publications/shamma-pardo-acmmm-06.pdf}
}

@MISC{tunebot,
    author = "Interactive Audio Lab",
    title  = "Tunebot Dataset",
    year   = "2008",
    url    = "http://music.cs.northwestern.edu/data/tunebot/"
}

@MISC{acrcloudSite,
    author = "ACRCloud",
    title  = "ACRCloud Serviços de Reconhecimento Automático e Confiável na nuvem ACRCloud",
    year   = "2015",
    url    = "https://www.acrcloud.com/identify-songs-music-recognition-online/"
}

@MISC{clam,
    author = "CLAM Development",
    title  = "C++ Library for Audio and Music - CLAM",
    year   = "2004",
    url    = "http://clam-project.org/"
}

@MISC{tunebotiOS,
    author = "Interactive Audio Lab",
    title  = "Tunebot",
    year   = "2008",
    url    = "http://music.eecs.northwestern.edu/research.php?project=tunebot"
}
